@book{Awodey:2010,
        author = {Awodey, Steve},
        series = {Oxford Logic Guides},
        publisher = {Oxford University Press},
        isbn = {978-0-199587360},
        year = {2010},
        title = {Category Theory},
        edition = {2\textsuperscript{nd} Ed.},
        address = {Oxford, UK},
        pages = {7}
}

@book{Cheng:2022,
        author = {Cheng, Eugenia},
        publisher = {Cambridge University Press},
        isbn = {978-1-108769389},
        year = {2022},
        title = {The Joy of Abstraction},
        address = {Cambridge, UK},
        pages = {114}
}

@book{MacLane:1998,
        author = {Mac Lane, Saunders},
        series = {Graduate Texts in Mathematics},
        publisher = {Springer},
        isbn = {0-387984038},
        year = {1998},
        title = {Categories for the Working Mathematician},
        edition = {2\textsuperscript{nd} Ed.},
        address = {London, UK},
        pages = {138}
}

@book{Fong:2018,
        doi = {10.48550/ARXIV.1803.05316},
        author = {Fong, Brendan and Spivak, David},
        title = {Seven Sketches in Compositionality},
        publisher = {\textit{arXiv} pre-print},
        year = {2018},
        pages = {136}
}

@book{Kelly:1982,
        author = {Gregory M. Kelly},
        title = {Basic Concepts of Enriched Category Theory},
        isbn = {978-0-521287029},
        publisher = {Cambridge University Press},
        location = {Cambridge, UK},
        year = {1982}
}

@book{Milewski:2019,
        author = {Bartosz Milewski and Igal Tabachnik},
        title = {Category Theory for Programmers},
        isbn = {978-0-464243878},
        publisher = {Blurb},
        year = {2019},
        pages = {229--230}
}

@book{Russell:1903,
        author = {Bertrand Russell},
        title = {The Principles of Mathematics},
        year = {1903},
        publisher = {Cambridge University Press},
        location = {Cambridge, UK},
        isbn = {978-1-282284036}
}

@book{Leinster:2014,
        author = {Leinster, Tom},
        title = {Basic Category Theory},
        year = {2014},
        edition = {1\textsuperscript{st} Ed.},
        isbn = {978-1-107044241},
        publisher = {Cambridge University Press},
        pages = {11},
        location = {Cambridge, UK}
}

@article{Hasegawa:2008,
        title = {Finite Dimensional Vector Spaces Are Complete for Traced
                Symmetric Monoidal Categories},
        author = {Hasegawa, Masahito and Hofmann, Martin and Plotkin, Gordon},
        journal = {Lecture Notes in Computer Science},
        volume = {4800},
        pages = {367},
        year = {2008},
        publisher = {Springer}
}

@incollection{Baez:2009,
	doi = {10.1007/978-3-642-12821-9_2},
	year = {2009},
	publisher = {Springer},
        location = {Heidelberg, Germany},
	pages = {39--43},
	author = {John Baez and Mike Stay},
	title = {Physics, Topology, Logic and Computation: A Rosetta Stone},
	booktitle = {New Structures for Physics}
}

